<?xml version="1.0" encoding="UTF-8"?><record xmlns="http://www.loc.gov/MARC21/slim" xmlns:cinclude="http://apache.org/cocoon/include/1.0" xmlns:zs="http://www.loc.gov/zing/srw/">
  <leader>00435nz  a2200145n  4500</leader>
  <controlfield tag="001">no 00057202 </controlfield>
  <controlfield tag="003">DLC</controlfield>
  <controlfield tag="005">20000803064031.0</controlfield>
  <controlfield tag="008">000802n| acannaabn          |n and      </controlfield>
  <datafield tag="010" ind1=" " ind2=" ">
    <subfield code="a">no 00057202 </subfield>
  </datafield>
  <datafield tag="035" ind1=" " ind2=" ">
    <subfield code="a">(OCoLC)oca05274465</subfield>
  </datafield>
  <datafield tag="040" ind1=" " ind2=" ">
    <subfield code="a">DLC-SM</subfield>
    <subfield code="b">eng</subfield>
    <subfield code="c">DLC-SM</subfield>
  </datafield>
  <datafield tag="110" ind1="2" ind2=" ">
    <subfield code="a">Soley (Musical group)</subfield>
  </datafield>
  <datafield tag="667" ind1=" " ind2=" ">
    <subfield code="a">Machine-derived authority record.</subfield>
  </datafield>
  <datafield tag="670" ind1=" " ind2=" ">
    <subfield code="a">LCCN 97-709651: Soley (Musical group). SpeĚcial soukouss, p1996:</subfield>
    <subfield code="b">(usage: Soley)</subfield>
  </datafield>
</record>